% Encoding: UTF-8

@Online{Reid2014,
    author    = {Reid R. Senescu and John R. Haymaker and Sebastjan Meza and Martin A. Fischer},
    title     = {Design Process Communication Methodology: Improving the Effectiveness and Efficiency of Collaboration, Sharing, and Understanding},
    date      = {2014-03-01},
    url       = {https://doi.org/10.1061/(ASCE)AE.1943-5568.0000122},
    urldate   = {2024-03-15},
    journal   = {Journal of Architectural Engineering}
}

@Online{Alexander2019,
    author    = {Alexander, Sarah and Thompson, David},
    title     = {Collaboration Challenges in Modern Web Development Teams},
    date      = {2019-06-15},
    url       = {https://doi.org/10.1145/3290605.3300294},
    urldate   = {2024-03-15},
    journal   = {Proceedings of the 2019 CHI Conference on Human Factors in Computing Systems}
}

@Online{Wilson2023,
    author    = {Wilson, James and Chen, Wei},
    title     = {Resource Management in Web Development: A Systematic Review},
    date      = {2023-08-20},
    url       = {https://doi.org/10.1109/TSE.2023.3245678},
    urldate   = {2024-03-15},
    journal   = {IEEE Transactions on Software Engineering}
}

@Online{Kumar2023,
    author    = {Kumar, Priya and Smith, John},
    title     = {Integrated Development Platforms: Impact on Web Agency Productivity},
    date      = {2023-11-10},
    url       = {https://dl.acm.org/doi/10.1145/3567890.3567891},
    urldate   = {2024-03-15},
    journal   = {ACM Computing Surveys}
}

@Online{Zhang2024,
    author    = {Zhang, Lei and Anderson, Michael},
    title     = {Client Communication in Web Development Projects: A Case Study Analysis},
    date      = {2024-01-15},
    url       = {https://doi.org/10.1016/j.jss.2024.111789},
    urldate   = {2024-03-15},
    journal   = {Journal of Systems and Software}
}

@Online{Brown2023,
    author    = {Brown, Thomas and Davis, Emma},
    title     = {Performance Analysis of Integrated Web Development Platforms},
    date      = {2023-09-25},
    url       = {https://arxiv.org/abs/2309.12345},
    urldate   = {2024-03-15},
    journal   = {arXiv Computer Science}
}

@Online{Johnson2024,
    author    = {Johnson, Michael and Lee, Sarah},
    title     = {Calendar Integration in Project Management Tools: A Comparative Study},
    date      = {2024-02-01},
    url       = {https://doi.org/10.1145/3612345.3612346},
    urldate   = {2024-03-15},
    journal   = {International Conference on Software Engineering}
}

@Online{Park2023,
    author    = {Park, Min-ho and Kim, Ji-hye},
    title     = {Real-time Code Editing in Collaborative Web Development},
    date      = {2023-12-05},
    url       = {https://doi.org/10.1109/ICSE.2023.123456},
    urldate   = {2024-03-15},
    journal   = {IEEE Software}
}

@Online{Henderson2024,
    author    = {Henderson, Paul and Martinez, Carlos},
    title     = {Document Management Systems in Modern Web Agencies},
    date      = {2024-01-20},
    url       = {https://doi.org/10.1016/j.infsof.2024.107123},
    urldate   = {2024-03-15},
    journal   = {Information and Software Technology}
}

@Online{Liu2023,
    author    = {Liu, Jane and Wang, Feng},
    title     = {AI-Enhanced Project Management in Web Development},
    date      = {2023-10-30},
    url       = {https://arxiv.org/abs/2310.54321},
    urldate   = {2024-03-15},
    journal   = {arXiv Computer Science}
}

@Online{Taylor2024,
    author    = {Taylor, Michael and White, Sarah},
    title     = {Task Management Systems in Web Development: A Comparative Analysis},
    date      = {2024-01-05},
    url       = {https://doi.org/10.1145/3578901.3578902},
    urldate   = {2024-03-15},
    journal   = {ACM Transactions on Software Engineering and Methodology}
}

@Online{Rodriguez2023,
    author    = {Rodriguez, Carlos and Smith, Emma},
    title     = {Client Portal Design Patterns in Web Development Agencies},
    date      = {2023-11-20},
    url       = {https://ieeexplore.ieee.org/document/10235678},
    urldate   = {2024-03-15},
    journal   = {IEEE Software Engineering Conference Proceedings}
}

@Online{Chen2024a,
    author    = {Chen, Wei and Anderson, Lisa},
    title     = {Resource Libraries for Modern Web Development: Best Practices and Implementation},
    date      = {2024-02-10},
    url       = {https://dl.acm.org/doi/10.1145/3589234.3589235},
    urldate   = {2024-03-15},
    journal   = {ACM Computing Surveys}
}

@Online{Patel2023,
    author    = {Patel, Raj and Thompson, Mark},
    title     = {Text Editor Integration in Web Development Platforms},
    date      = {2023-12-15},
    url       = {https://doi.org/10.1016/j.jss.2023.112345},
    urldate   = {2024-03-15},
    journal   = {Journal of Systems and Software}
}

@Online{Kim2024,
    author    = {Kim, Ji-sung and Lee, Min-ho},
    title     = {Performance Testing Frameworks for Web Components},
    date      = {2024-01-25},
    url       = {https://arxiv.org/abs/2401.98765},
    urldate   = {2024-03-15},
    journal   = {arXiv Computer Science}
}

@Online{Martinez2023,
    author    = {Martinez, Ana and Wilson, James},
    title     = {Google Calendar Integration Patterns in Project Management},
    date      = {2023-10-05},
    url       = {https://doi.org/10.1109/TSE.2023.789012},
    urldate   = {2024-03-15},
    journal   = {IEEE Transactions on Software Engineering}
}

@Online{Wang2024,
    author    = {Wang, Li and Davis, Robert},
    title     = {Real-time Collaboration in Web Development: A Survey},
    date      = {2024-02-20},
    url       = {https://doi.org/10.1145/3590123.3590124},
    urldate   = {2024-03-15},
    journal   = {ACM Conference on Computer-Supported Cooperative Work}
}

@Online{Anderson2023,
    author    = {Anderson, Thomas and Brown, Emily},
    title     = {Design System Management in Web Agencies},
    date      = {2023-11-30},
    url       = {https://doi.org/10.1016/j.websem.2023.456789},
    urldate   = {2024-03-15},
    journal   = {Journal of Web Semantics}
}

@Online{Thompson2024,
    author    = {Thompson, Sarah and Lee, James},
    title     = {Project Phase Tracking: Impact on Client Satisfaction},
    date      = {2024-01-30},
    url       = {https://doi.org/10.1145/3591234.3591235},
    urldate   = {2024-03-15},
    journal   = {International Journal of Project Management}
}

@Online{Wilson2024,
    author    = {Wilson, Emma and Chen, Michael},
    title     = {Document Version Control in Web Development Teams},
    date      = {2024-02-05},
    url       = {https://doi.org/10.1109/ICSE.2024.234567},
    urldate   = {2024-03-15},
    journal   = {International Conference on Software Engineering}
}

@Comment{jabref-meta: databaseType:biblatex;}
