% Encoding: UTF-8

@Online{Alexander2019,
    author    = {Alexander Jones and Avis Nick and Kerins John},
    title     = {Factors for successful Agile collaboration between UX designers and software developers in a complex organisation},
    date      = {2019-07-23},
    url       = {https://chesterrep.openrepository.com/handle/10034/622425},
    urldate   = {2019-07-23},
}

@Online{Reid2014,
    author    = {Reid R. Senescu and John R. Haymaker and Sebastjan Meza and Martin A. Fischer},
    title     = {Design Process Communication Methodology: Improving the Effectiveness and Efficiency of Collaboration, Sharing, and Understanding},
    date      = {2014-03-01},
    url       = {https://edisciplinas.usp.br/pluginfile.php/4969417/mod_resource/content/1/ART_3_Workshop_1_Communication_%2528ASCE%2529AE.1943-5568.0000122.pdf},
    urldate   = {2014-03-01},
}

@Online{Santoso2024,
    author    = {Santoso Murni},
    title     = {Impact of Project Management Software on Team Collaboration and Efficiency in Marketing Projects in Indonesia},
    date      = {2024-06-15},
    url       = {https://ajpojournals.org/journals/index.php/IJPM/article/download/2139/2665/8082?srsltid=AfmBOorVgNSxKH8d71OHY0J5AD1F1ryF0JkSFGWe1j87szNhhDvENSUW},
    urldate   = {2024-06-15},
}

@Online{Chris2024,
    author    = {Chris Pires},
    title     = {The Impact Of Project Management On Company Culture And Employee Satisfaction},
    date      = {2024-07-14},
    url       = {https://zengileprojects.com/the-impact-of-project-management-on-company-culture-and-employee-satisfaction/},
    urldate   = {2024-07-14},
}


@Comment{jabref-meta: databaseType:biblatex;}
